@article{LDA,
  title={Latent dirichlet allocation},
  author={Blei, David M and Ng, Andrew Y and Jordan, Michael I},
  journal={the Journal of machine Learning research},
  volume={3},
  pages={993--1022},
  year={2003},
  publisher={JMLR. org}
}


@inproceedings{clustersurvey,
  title={Evaluation of hierarchical clustering algorithms for document datasets},
  author={Zhao, Ying and Karypis, George},
  booktitle={Proceedings of the eleventh international conference on Information and knowledge management},
  pages={515--524},
  year={2002},
  organization={ACM}
}

@article{threestage,
  title={A three-phase approach to document clustering based on topic significance degree},
  author={Ma, Yinglong and Wang, Yao and Jin, Beihong},
  journal={Expert Systems with Applications},
  volume={41},
  number={18},
  pages={8203--8210},
  year={2014},
  publisher={Elsevier}
}

@article{jointinference,
  title={Integrating document clustering and topic modeling},
  author={Xie, Pengtao and Xing, Eric P},
  journal={arXiv preprint arXiv:1309.6874},
  year={2013}
}



@article{learnedmetrics,
  title={Metric learning for text documents},
  author={Lebanon, Guy},
  journal={Pattern Analysis and Machine Intelligence, IEEE Transactions on},
  volume={28},
  number={4},
  pages={497--508},
  year={2006},
  publisher={IEEE}
}


@inproceedings{hilbertspace,
  title={Jensen-Shannon divergence and Hilbert space embedding},
  author={Fuglede, Bent and Topsoe, Flemming},
  booktitle={IEEE International Symposium on Information Theory},
  pages={31--31},
  year={2004}
}






